@INPROCEEDINGS{ican,
	author={Zhang, Weichen and Ouyang, Wanli and Li, Wen and Xu, Dong},
	booktitle={2018 IEEE/CVF Conference on Computer Vision and Pattern Recognition}, 
	title={Collaborative and Adversarial Network for Unsupervised Domain Adaptation}, 
	year={2018},
	volume={},
	number={},
	pages={3801-3809},
	keywords={Training;Collaboration;Feature extraction;Adaptation models;Visualization;Task analysis;Computer vision},
	doi={10.1109/CVPR.2018.00400}
}
